@article{samuel-1959,
author = {Samuel, A. L.},
title = {Some Studies in Machine Learning Using the Game of Checkers},
year = {1959},
issue_date = {July 1959},
publisher = {IBM Corp.},
address = {USA},
volume = {3},
number = {3},
issn = {0018-8646},
url = {https://doi.org/10.1147/rd.33.0210},
doi = {10.1147/rd.33.0210},
journal = {IBM J. Res. Dev.},
month = {jul},
pages = {210-229},
numpages = {20}
}

@misc{fan-2020a,
      title={Beyond English-Centric Multilingual Machine Translation}, 
      author={Angela Fan and Shruti Bhosale and Holger Schwenk and Zhiyi Ma and Ahmed El-Kishky and Siddharth Goyal and Mandeep Baines and Onur Celebi and Guillaume Wenzek and Vishrav Chaudhary and Naman Goyal and Tom Birch and Vitaliy Liptchinsky and Sergey Edunov and Edouard Grave and Michael Auli and Armand Joulin},
      year={2020},
      eprint={2010.11125},
      archivePrefix={arXiv},
      primaryClass={cs.CL}
}

@Article{jumper-2021,
author={Jumper, John and Evans, Richard and Pritzel, Alexander and Green, Tim and Figurnov, Michael and Ronneberger, Olaf and Tunyasuvunakool, Kathryn and Bates, Russ and {\v{Z}}{\'i}dek, Augustin and Potapenko, Anna and Bridgland, Alex and Meyer, Clemens and Kohl, Simon A. A. and Ballard, Andrew J. and Cowie, Andrew and Romera-Paredes, Bernardino and Nikolov, Stanislav and Jain, Rishub and Adler, Jonas and Back, Trevor and Petersen, Stig and Reiman, David and Clancy, Ellen and Zielinski, Michal and Steinegger, Martin and Pacholska, Michalina and Berghammer, Tamas and Bodenstein, Sebastian and Silver, David and Vinyals, Oriol and Senior, Andrew W. and Kavukcuoglu, Koray and Kohli, Pushmeet and Hassabis, Demis},
title={Highly accurate protein structure prediction with AlphaFold},
journal={Nature},
year={2021},
month={Aug},
day={01},
volume={596},
number={7873},
pages={583-589},
issn={1476-4687},
doi={10.1038/s41586-021-03819-2},
url={https://doi.org/10.1038/s41586-021-03819-2}
}

@article{schwartz-2019,
  title={Green AI},
  author={Roy Schwartz and Jesse Dodge and Noah Smith and Oren Etzioni},
  journal={Communications of the ACM},
  year={2020},
  volume={63},
  pages={54 - 63}
}

@article{devlin-2019,
  title={BERT: Pre-training of Deep Bidirectional Transformers for Language Understanding},
  author={Jacob Devlin and Ming-Wei Chang and Kenton Lee and Kristina Toutanova},
  journal={ArXiv},
  year={2019},
  volume={abs/1810.04805}
}

@inproceedings{bender-2021,
author = {Bender, Emily M. and Gebru, Timnit and McMillan-Major, Angelina and Shmitchell, Shmargaret},
title = {On the Dangers of Stochastic Parrots: Can Language Models Be Too Big?},
year = {2021},
month = {03},
isbn = {9781450383097},
publisher = {Association for Computing Machinery},
address = {New York, NY, USA},
url = {https://doi.org/10.1145/3442188.3445922},
doi = {10.1145/3442188.3445922},
booktitle = {Proceedings of the 2021 ACM Conference on Fairness, Accountability, and Transparency},
pages = {610â€“623},
numpages = {14},
location = {Virtual Event, Canada},
series = {FAccT '21}
}

@ARTICLE{fedus-2021,
       author = {{Fedus}, William and {Zoph}, Barret and {Shazeer}, Noam},
        title = "{Switch Transformers: Scaling to Trillion Parameter Models with Simple and Efficient Sparsity}",
      journal = {arXiv e-prints},
     keywords = {Computer Science - Machine Learning, Computer Science - Artificial Intelligence},
         year = 2021,
        month = jan,
          eid = {arXiv:2101.03961},
        pages = {arXiv:2101.03961},
archivePrefix = {arXiv},
       eprint = {2101.03961},
 primaryClass = {cs.LG},
       adsurl = {https://ui.adsabs.harvard.edu/abs/2021arXiv210103961F},
      adsnote = {Provided by the SAO/NASA Astrophysics Data System}
}

@misc{amodei-hernandez-2021, 
 title={AI and Compute}, 
 url={https://openai.com/blog/ai-and-compute/}, 
 journal={OpenAI}, 
 publisher={OpenAI}, 
 author={Amodei, Dario and Hernandez, Danny}, 
 year={2021}, 
 month={Jun}
} 

@article{silver-2016,
author = {Silver, David and Huang, Aja and Maddison, Christopher and Guez, Arthur and Sifre, Laurent and Driessche, George and Schrittwieser, Julian and Antonoglou, Ioannis and Panneershelvam, Veda and Lanctot, Marc and Dieleman, Sander and Grewe, Dominik and Nham, John and Kalchbrenner, Nal and Sutskever, Ilya and Lillicrap, Timothy and Leach, Madeleine and Kavukcuoglu, Koray and Graepel, Thore and Hassabis, Demis},
year = {2016},
month = {01},
pages = {484-489},
title = {Mastering the game of Go with deep neural networks and tree search},
volume = {529},
journal = {Nature},
doi = {10.1038/nature16961}
}

@article{silver-2017,
  title={Mastering the game of Go without human knowledge},
  author={David Silver and Julian Schrittwieser and Karen Simonyan and Ioannis Antonoglou and Aja Huang and Arthur Guez and Thomas Hubert and Lucas baker and Matthew Lai and Adrian Bolton and Yutian Chen and Timothy P. Lillicrap and Fan Hui and L. Sifre and George van den Driessche and Thore Graepel and Demis Hassabis},
  journal={Nature},
  year={2017},
  volume={550},
  pages={354-359}
}

@ARTICLE{mahajan-2018,
       author = {{Mahajan}, Dhruv and {Girshick}, Ross and {Ramanathan}, Vignesh and {He}, Kaiming and {Paluri}, Manohar and {Li}, Yixuan and {Bharambe}, Ashwin and {van der Maaten}, Laurens},
        title = "{Exploring the Limits of Weakly Supervised Pretraining}",
      journal = {arXiv e-prints},
     keywords = {Computer Science - Computer Vision and Pattern Recognition},
         year = 2018,
        month = may,
          eid = {arXiv:1805.00932},
        pages = {arXiv:1805.00932},
archivePrefix = {arXiv},
       eprint = {1805.00932},
 primaryClass = {cs.CV},
       adsurl = {https://ui.adsabs.harvard.edu/abs/2018arXiv180500932M},
      adsnote = {Provided by the SAO/NASA Astrophysics Data System}
}

@ARTICLE{lacoste-2019,
       author = {{Lacoste}, Alexandre and {Luccioni}, Alexandra and {Schmidt}, Victor and {Dandres}, Thomas},
        title = "{Quantifying the Carbon Emissions of Machine Learning}",
      journal = {arXiv e-prints},
     keywords = {Computer Science - Computers and Society, Computer Science - Machine Learning},
         year = 2019,
        month = oct,
          eid = {arXiv:1910.09700},
        pages = {arXiv:1910.09700},
archivePrefix = {arXiv},
       eprint = {1910.09700},
 primaryClass = {cs.CY},
       adsurl = {https://ui.adsabs.harvard.edu/abs/2019arXiv191009700L},
      adsnote = {Provided by the SAO/NASA Astrophysics Data System}
}

@ARTICLE{strubell-2019,
       author = {{Strubell}, Emma and {Ganesh}, Ananya and {McCallum}, Andrew},
        title = "{Energy and Policy Considerations for Deep Learning in NLP}",
      journal = {arXiv e-prints},
     keywords = {Computer Science - Computation and Language},
         year = 2019,
        month = jun,
          eid = {arXiv:1906.02243},
        pages = {arXiv:1906.02243},
archivePrefix = {arXiv},
       eprint = {1906.02243},
 primaryClass = {cs.CL},
       adsurl = {https://ui.adsabs.harvard.edu/abs/2019arXiv190602243S},
      adsnote = {Provided by the SAO/NASA Astrophysics Data System}
}

@techreport{cook-2017,
  author = {Gary Cook and Jude Lee and Tamina Tsai and Ada Kongn and John Deans and Brian Johnson and Elizabeth Jardim and Brian Johnson },
  title = "{Clicking Clean: Who is winning the race to build a green internet?}",
  institution = {Greenpeace},
  year = 2017
}

@techreport{google-2021,
  author = {{Google Sustainability}},
  title = "{Google Environmental Report 2021}",
  institution = {Google LLC},
  year = 2021,
  month = {December},
  url={https://www.gstatic.com/gumdrop/sustainability/google-2021-environmental-report.pdf}
}

@techreport{scottish-forestry,
      title="{Forestry Statistics 2021: A compendium of statistics about woodland, forestry and primary wood processing in the United Kingdom}", 
      url={https://www.forestresearch.gov.uk/tools-and-resources/statistics/forestry-statistics/forestry-statistics-2021/}, 
      institution={The Research Agency of the Forestry Commission}, 
      address={231 Corstorphine Road, Edinburgh, EH12 7AT},
      author={Robert Stagg and Sheila Ward}, 
      year={2021},
      month={September}
}

@article{microsoft-news,
  author = {{Microsoft News Center}},
  title = "{Microsoft announces one of the largest wind deals in the Netherlands with Vattenfall}",
  journal = "{Microsoft Media Relations, WE Communications for Microsoft, (425) 638-7777}",
  url={https://news.microsoft.com/2017/11/02/microsoft-announces-one-of-the-largest-wind-deals-in-the-netherlands-with-vattenfall/},
  year={2017}, 
  month={Nov}
}

@techreport{data-center-survey,
  author = {Daniel Bizo and Rhonda Ascierto and Andy Lawrence and Jacqueline Davis},
  title = "{Uptime Institute Global Data Center Survey 2021}",
  institution = {Uptime Institute Intelligence},
  year = 2021,
  month = {September},
  url={https://uptimeinstitute.com/2021-data-center-industry-survey-results}
}

@article{jain-2019,
  title="{The OoO VLIW JIT Compiler for GPU Inference}",
  author={Paras Jain and Xiangxi Mo and Ajay Jain and Alexey Tumanov and Joseph E. Gonzalez and Ion Stoica},
  journal={ArXiv},
  year={2019},
  month={01},
  volume={abs/1901.10008}
}

@article{aljarrah-2015,
title = {Efficient Machine Learning for Big Data: A Review},
journal = {Big Data Research},
volume = {2},
number = {3},
pages = {87-93},
year = {2015},
note = {Big Data, Analytics, and High-Performance Computing},
issn = {2214-5796},
doi = {https://doi.org/10.1016/j.bdr.2015.04.001},
url = {https://www.sciencedirect.com/science/article/pii/S2214579615000271},
author = {Omar Y. Al-Jarrah and Paul D. Yoo and Sami Muhaidat and George K. Karagiannidis and Kamal Taha},
keywords = {Big data, Green computing, Efficient machine learning, Computational modeling}
}

@book{un-social-survey,
  title={World Economic and Social Survey 2016: Climate Change Resilience - An Opportunity for Reducing Inequalities},
  author={{United Nations Department of Economic and Social Affairs}},
  isbn={9789210582315},
  series={World Economic and Social Survey (WESS)},
  url={https://books.google.co.uk/books?id=JlvjDwAAQBAJ},
  year={2016},
  publisher={UN}
}

@article{buchanan-2021, 
  title="{Charting the path towards sustainable AI with Azure Machine Learning Resource Metrics}", 
  url={https://techcommunity.microsoft.com/t5/green-tech-blog/charting-the-path-towards-sustainable-ai-with-azure-machine/ba-p/2866923}, 
  journal={Microsoft Azure Machine Learning}, 
  author={Buchanan, Will and Tachet des Combes, Remi}, 
  year={2021}, 
  month={Oct}
}

@ARTICLE{dodge-2019,
       author = {{Dodge}, Jesse and {Gururangan}, Suchin and {Card}, Dallas and {Schwartz}, Roy and {Smith}, Noah A.},
        title = "{Show Your Work: Improved Reporting of Experimental Results}",
      journal = {arXiv e-prints},
     keywords = {Computer Science - Machine Learning, Computer Science - Computation and Language, Statistics - Methodology, Statistics - Machine Learning},
         year = 2019,
        month = sep,
          eid = {arXiv:1909.03004},
        pages = {arXiv:1909.03004},
archivePrefix = {arXiv},
       eprint = {1909.03004},
 primaryClass = {cs.LG},
       adsurl = {https://ui.adsabs.harvard.edu/abs/2019arXiv190903004D},
      adsnote = {Provided by the SAO/NASA Astrophysics Data System}
}

@INPROCEEDINGS{sharma-kaulgud-2021,  
  author={Walsh, Paul and Bera, Jhilam and Sharma, Vibhu Saujanya and Kaulgud, Vikrant and Rao, Raghotham M and Ross, Orlaith},  
  booktitle={2021 36th IEEE/ACM International Conference on Automated Software Engineering Workshops (ASEW)},   
  title={Sustainable AI in the Cloud: Exploring Machine Learning Energy Use in the Cloud},   
  year={2021},  
  month={11},
  volume={},  
  number={}, 
  pages={265-266},  
  doi={10.1109/ASEW52652.2021.00058}
}

@ARTICLE{so-2019,
       author = {{So}, David R. and {Liang}, Chen and {Le}, Quoc V.},
        title = "{The Evolved Transformer}",
      journal = {arXiv e-prints},
     keywords = {Computer Science - Machine Learning, Computer Science - Computation and Language, Computer Science - Neural and Evolutionary Computing, Statistics - Machine Learning},
         year = 2019,
        month = jan,
          eid = {arXiv:1901.11117},
        pages = {arXiv:1901.11117},
archivePrefix = {arXiv},
       eprint = {1901.11117},
 primaryClass = {cs.LG},
       adsurl = {https://ui.adsabs.harvard.edu/abs/2019arXiv190111117S},
      adsnote = {Provided by the SAO/NASA Astrophysics Data System}
}

@InProceedings{daniel-2021,
author="Daniel, Chris
and Shukla, Anoop Kumar
and Sharma, Meeta",
editor="Baredar, Prashant V.
and Tangellapalli, Srinivas
and Solanki, Chetan Singh",
title="Applications of Machine Learning in Harnessing of Renewable Energy",
booktitle="Advances in Clean Energy Technologies ",
year="2021",
publisher="Springer Singapore",
address="Singapore",
pages="177--187"
}

@inproceedings{acharyya-2019,
  title={Autopilot of Cement Plants for Reduction of Fuel Consumption and Emissions},
  author={Acharyya, Prabal and Rosario, Sean D and Flor, Roey and Joshi, Ritvik and Li, Dian and Linares, Roberto and Zhang, Hongbao},
  booktitle={ICML 2019 Workshop on Climate Change: How Can AI Help?},
  url={https://www.climatechange.ai/papers/icml2019/26},
  year={2019}
}

@article{marwah-2011,
author = {Marwah, Manish and Shah, Amip and Bash, Cullen and Patel, Chandrakant and Ramakrishnan, Naren},
year = {2011},
month = {08},
pages = {103-106},
title = {Using Data Mining to Help Design Sustainable Products},
volume = {44},
journal = {IEEE Computer},
doi = {10.1109/MC.2011.257}
}

@article{xu-2021,
  title="{A Survey on Green Deep Learning}",
  author={Jingjing Xu and Wangchunshu Zhou and Zhiyi Fu and Hao Zhou and Lei Li},
  journal={ArXiv},
  year={2021},
  volume={abs/2111.05193}
}

@ARTICLE{veniat-denoyer-2017,
       author = {{Veniat}, Tom and {Denoyer}, Ludovic},
        title = "{Learning Time/Memory-Efficient Deep Architectures with Budgeted Super Networks}",
      journal = {arXiv e-prints},
     keywords = {Computer Science - Machine Learning},
         year = 2017,
        month = may,
          eid = {arXiv:1706.00046},
        pages = {arXiv:1706.00046},
archivePrefix = {arXiv},
       eprint = {1706.00046},
 primaryClass = {cs.LG},
       adsurl = {https://ui.adsabs.harvard.edu/abs/2017arXiv170600046V},
      adsnote = {Provided by the SAO/NASA Astrophysics Data System}
}

@ARTICLE{he-2015,
       author = {{He}, Kaiming and {Zhang}, Xiangyu and {Ren}, Shaoqing and {Sun}, Jian},
        title = "{Deep Residual Learning for Image Recognition}",
      journal = {arXiv e-prints},
     keywords = {Computer Science - Computer Vision and Pattern Recognition},
         year = 2015,
        month = dec,
          eid = {arXiv:1512.03385},
        pages = {arXiv:1512.03385},
archivePrefix = {arXiv},
       eprint = {1512.03385},
 primaryClass = {cs.CV},
       adsurl = {https://ui.adsabs.harvard.edu/abs/2015arXiv151203385H},
      adsnote = {Provided by the SAO/NASA Astrophysics Data System}
}

@ARTICLE{xie-2016,
       author = {{Xie}, Saining and {Girshick}, Ross and {Doll{\'a}r}, Piotr and {Tu}, Zhuowen and {He}, Kaiming},
        title = "{Aggregated Residual Transformations for Deep Neural Networks}",
      journal = {arXiv e-prints},
     keywords = {Computer Science - Computer Vision and Pattern Recognition},
         year = 2016,
        month = nov,
          eid = {arXiv:1611.05431},
        pages = {arXiv:1611.05431},
archivePrefix = {arXiv},
       eprint = {1611.05431},
 primaryClass = {cs.CV},
       adsurl = {https://ui.adsabs.harvard.edu/abs/2016arXiv161105431X},
      adsnote = {Provided by the SAO/NASA Astrophysics Data System}
}

@INPROCEEDINGS{yoo-2011,  
  author={Yoo, Paul D. and Ng, Jason W.P. and Zomaya, Albert Y.},  
  booktitle={2011 IEEE International Symposium on Parallel and Distributed Processing Workshops and Phd Forum},   
  title={An Energy-Efficient Kernel Framework for Large-Scale Data Modeling and Classification},   
  year={2011},  
  volume={},  
  number={},  
  pages={404-408},  
  doi={10.1109/IPDPS.2011.178}
}

@ARTICLE{cheng-2010,  
  author={Cheng, Haibin and Tan, Pang-Ning and Jin, Rong},  
  journal={IEEE Transactions on Knowledge and Data Engineering},   
  title={Efficient Algorithm for Localized Support Vector Machine},   
  year={2010},  
  volume={22},  
  number={4},  
  pages={537-549},  
  doi={10.1109/TKDE.2009.116}
}

@article{klein-2008,
author = {Klein, Gary},
year = {2008},
month = {06},
pages = {103-104},
title = {Performing a Project Premortem},
volume = {36},
journal = {Engineering Management Review, IEEE},
doi = {10.1109/EMR.2008.4534313}
}

@article{bietti-2019,
      title="{Data Waste}", 
      url={https://ssrn.com/abstract=3584251}, 
      journal={Harvard International Law Journal}, 
      volume={61},
      author={Bietti, Elettra and Vatanparast, Roxana}, 
      year={2019},
      month={December}
}

@ARTICLE{lottick-2019,
       author = {{Lottick}, Kadan and {Susai}, Silvia and {Friedler}, Sorelle A. and {Wilson}, Jonathan P.},
        title = "{Energy Usage Reports: Environmental awareness as part of algorithmic accountability}",
      journal = {arXiv e-prints},
     keywords = {Computer Science - Machine Learning, Computer Science - Computers and Society, Statistics - Machine Learning},
         year = 2019,
        month = nov,
          eid = {arXiv:1911.08354},
        pages = {arXiv:1911.08354},
archivePrefix = {arXiv},
       eprint = {1911.08354},
 primaryClass = {cs.LG},
       adsurl = {https://ui.adsabs.harvard.edu/abs/2019arXiv191108354L},
      adsnote = {Provided by the SAO/NASA Astrophysics Data System}
}

@ARTICLE{henderson-2020,
       author = {{Henderson}, Peter and {Hu}, Jieru and {Romoff}, Joshua and {Brunskill}, Emma and {Jurafsky}, Dan and {Pineau}, Joelle},
        title = "{Towards the Systematic Reporting of the Energy and Carbon Footprints of Machine Learning}",
      journal = {arXiv e-prints},
     keywords = {Computer Science - Computers and Society, Computer Science - Machine Learning},
         year = 2020,
        month = jan,
          eid = {arXiv:2002.05651},
        pages = {arXiv:2002.05651},
archivePrefix = {arXiv},
       eprint = {2002.05651},
 primaryClass = {cs.CY},
       adsurl = {https://ui.adsabs.harvard.edu/abs/2020arXiv200205651H},
      adsnote = {Provided by the SAO/NASA Astrophysics Data System}
}

@ARTICLE{jouppi-2017,
       author = {{Jouppi}, Norman P. and {Young}, Cliff and {Patil}, Nishant and {Patterson}, David and {Agrawal}, Gaurav and {Bajwa}, Raminder and {Bates}, Sarah and {Bhatia}, Suresh and {Boden}, Nan and {Borchers}, Al and {Boyle}, Rick and {Cantin}, Pierre-luc and {Chao}, Clifford and {Clark}, Chris and {Coriell}, Jeremy and {Daley}, Mike and {Dau}, Matt and {Dean}, Jeffrey and {Gelb}, Ben and {Vazir Ghaemmaghami}, Tara and {Gottipati}, Rajendra and {Gulland}, William and {Hagmann}, Robert and {Ho}, C. Richard and {Hogberg}, Doug and {Hu}, John and {Hundt}, Robert and {Hurt}, Dan and {Ibarz}, Julian and {Jaffey}, Aaron and {Jaworski}, Alek and {Kaplan}, Alexander and {Khaitan}, Harshit and {Koch}, Andy and {Kumar}, Naveen and {Lacy}, Steve and {Laudon}, James and {Law}, James and {Le}, Diemthu and {Leary}, Chris and {Liu}, Zhuyuan and {Lucke}, Kyle and {Lundin}, Alan and {MacKean}, Gordon and {Maggiore}, Adriana and {Mahony}, Maire and {Miller}, Kieran and {Nagarajan}, Rahul and {Narayanaswami}, Ravi and {Ni}, Ray and {Nix}, Kathy and {Norrie}, Thomas and {Omernick}, Mark and {Penukonda}, Narayana and {Phelps}, Andy and {Ross}, Jonathan and {Ross}, Matt and {Salek}, Amir and {Samadiani}, Emad and {Severn}, Chris and {Sizikov}, Gregory and {Snelham}, Matthew and {Souter}, Jed and {Steinberg}, Dan and {Swing}, Andy and {Tan}, Mercedes and {Thorson}, Gregory and {Tian}, Bo and {Toma}, Horia and {Tuttle}, Erick and {Vasudevan}, Vijay and {Walter}, Richard and {Wang}, Walter and {Wilcox}, Eric and {Yoon}, Doe Hyun},
        title = "{In-Datacenter Performance Analysis of a Tensor Processing Unit}",
      journal = {arXiv e-prints},
     keywords = {Computer Science - Hardware Architecture, Computer Science - Machine Learning, Computer Science - Neural and Evolutionary Computing},
         year = 2017,
        month = apr,
          eid = {arXiv:1704.04760},
        pages = {arXiv:1704.04760},
archivePrefix = {arXiv},
       eprint = {1704.04760},
 primaryClass = {cs.AR},
       adsurl = {https://ui.adsabs.harvard.edu/abs/2017arXiv170404760J},
      adsnote = {Provided by the SAO/NASA Astrophysics Data System}
}

@ARTICLE{burr-2021,  
  author={Burr, Geoffrey W. and Sebastian, Abu and Ando, Takashi and Haensch, Wilfried},  
  journal={IEEE Spectrum},   
  title={{Ohm's Law + Kirchhoff's Current Law = Better AI: Neural-Network Processing Done in Memory with Analog Circuits will Save Energy}},   
  year={2021},  
  month={Dec},
  volume={58},  
  number={12},  
  pages={44-49},  
  doi={10.1109/MSPEC.2021.9641759}
}

@INPROCEEDINGS{kumar-2020,  
  author={Kumar, Mohit and Zhang, Xingzhou and Liu, Liangkai and Wang, Yifan and Shi, Weisong},  
  booktitle={2020 IEEE International Parallel and Distributed Processing Symposium Workshops (IPDPSW)},   
  title={{Energy-Efficient Machine Learning on the Edges}},   
  year={2020},  
  pages={912-921},  
  doi={10.1109/IPDPSW50202.2020.00153}
}

@article{seznec-2021,
  TITLE = {{Real-Time Optical Flow Processing on Embedded GPU: anHardware-Aware Algorithm to Implementation Strategy}},
  AUTHOR = {Seznec, Mickael and Gac, Nicolas and Orieux, Fran{\c c}ois and Sashala Naik, Alvin},
  URL = {https://hal.archives-ouvertes.fr/hal-03457011},
  JOURNAL = {{Journal of Real-Time Image Processing}},
  PUBLISHER = {{Springer Verlag}},
  YEAR = {2021},
  MONTH = Nov,
  DOI = {10.1007/s11554-021-01187-8},
  KEYWORDS = {Algorithm design ; Optical Flow ; GPU Optimization ; Linear Solvers ; Image Processing},
  PDF = {https://hal.archives-ouvertes.fr/hal-03457011/file/CLG_sur_GPU-2.pdf},
  HAL_ID = {hal-03457011},
  HAL_VERSION = {v1},
}

@InProceedings{leeuw-2021,
  author     = {Olaf de Leeuw},
  title      = "{Towards More Energy-Efficient Neural Networks}",
  year       = {2021},
  booktitle = {Open Data Science Conference West 2021},
  month  = {Aug},
  url = {https://odsc.com/blog/towards-more-energy-efficient-machine-learning-models/}
}

@article{barroso-holzle-2008,
  author={Luiz Andr{\'e} Barroso and Urs H{\"o}lzle},
  year = {2007},
  month = {01},
  title = {{The Case for Energy-Proportional Computing}},
  volume = {40},
  journal = {IEEE Computer},
  number = {12},
  pages={33-37},
  doi={10.1109/MC.2007.443}
}

@article{wang-selvan-2021,
  author = {Wang, Tao and Selvan, Aarush},
  title = "{Google wins MLPerf benchmarks with TPU V4}",
  journal = "{Google Cloud Blog}",
  url={https://cloud.google.com/blog/products/ai-machine-learning/google-wins-mlperf-benchmarks-with-tpu-v4},
  year={2021}, 
  month={Jun}
}

@ARTICLE{joshi-2020,
       author = {{Joshi}, Vinay and {Le Gallo}, Manuel and {Haefeli}, Simon and {Boybat}, Irem and {Nandakumar}, S.~R. and {Piveteau}, Christophe and {Dazzi}, Martino and {Rajendran}, Bipin and {Sebastian}, Abu and {Eleftheriou}, Evangelos},
        title = "{Accurate deep neural network inference using computational phase-change memory}",
      journal = {Nature Communications},
     keywords = {Computer Science - Emerging Technologies},
         year = 2020,
        month = may,
       volume = {11},
          eid = {2473},
        pages = {2473},
          doi = {10.1038/s41467-020-16108-9},
archivePrefix = {arXiv},
       eprint = {1906.03138},
 primaryClass = {cs.ET},
       adsurl = {https://ui.adsabs.harvard.edu/abs/2020NatCo..11.2473J},
      adsnote = {Provided by the SAO/NASA Astrophysics Data System}
}

@ARTICLE{liu-2021a,
       author = {{Liu}, Shih-Chii and {Strachan}, John Paul and {Basu}, Arindam},
        title = "{Prospects for Analog Circuits in Deep Networks}",
      journal = {arXiv e-prints},
     keywords = {Computer Science - Neural and Evolutionary Computing, Computer Science - Emerging Technologies},
         year = 2021,
        month = jun,
          eid = {arXiv:2106.12444},
        pages = {arXiv:2106.12444},
archivePrefix = {arXiv},
       eprint = {2106.12444},
 primaryClass = {cs.NE},
       adsurl = {https://ui.adsabs.harvard.edu/abs/2021arXiv210612444L},
      adsnote = {Provided by the SAO/NASA Astrophysics Data System}
}

@article{merolla-2014,
author = {Paul A. Merolla  and John V. Arthur  and Rodrigo Alvarez-Icaza  and Andrew S. Cassidy  and Jun Sawada  and Filipp Akopyan  and Bryan L. Jackson  and Nabil Imam  and Chen Guo  and Yutaka Nakamura  and Bernard Brezzo  and Ivan Vo  and Steven K. Esser  and Rathinakumar Appuswamy  and Brian Taba  and Arnon Amir  and Myron D. Flickner  and William P. Risk  and Rajit Manohar  and Dharmendra S. Modha },
title = {A million spiking-neuron integrated circuit with a scalable communication network and interface},
journal = {Science},
volume = {345},
number = {6197},
pages = {668-673},
year = {2014},
doi = {10.1126/science.1254642},
URL = {https://www.science.org/doi/abs/10.1126/science.1254642},
eprint = {https://www.science.org/doi/pdf/10.1126/science.1254642}
}

@ARTICLE{davies-2018,  
author={Davies, Mike and Srinivasa, Narayan and Lin, Tsung-Han and Chinya, Gautham and Cao, Yongqiang and Choday, Sri Harsha and Dimou, Georgios and Joshi, Prasad and Imam, Nabil and Jain, Shweta and Liao, Yuyun and Lin, Chit-Kwan and Lines, Andrew and Liu, Ruokun and Mathaikutty, Deepak and McCoy, Steven and Paul, Arnab and Tse, Jonathan and Venkataramanan, Guruguhanathan and Weng, Yi-Hsin and Wild, Andreas and Yang, Yoonseok and Wang, Hong},  
journal={IEEE Micro},   
title={Loihi: A Neuromorphic Manycore Processor with On-Chip Learning},   
year={2018},  
volume={38},  
number={1},  
pages={82-99},  
doi={10.1109/MM.2018.112130359}
}

@INPROCEEDINGS{fick-2017,  
author={Fick, L. and Blaauw, D. and Sylvester, D. and Skrzyniarz, S. and Parikh, M. and Fick, D.},  
booktitle={2017 IEEE Custom Integrated Circuits Conference (CICC)},   
title={Analog in-memory subthreshold deep neural network accelerator},   
year={2017},  
pages={1-4},  
doi={10.1109/CICC.2017.7993629}
}

@INPROCEEDINGS{tang-2018,  
author={Tang, Jianshi and Bishop, Douglas and Kim, Seyoung and Copel, Matt and Gokmen, Tayfun and Todorov, Teodor and Shin, SangHoon and Lee, Ko-Tao and Solomon, Paul and Chan, Kevin and Haensch, Wilfried and Rozen, John},  
booktitle={2018 IEEE International Electron Devices Meeting (IEDM)},   
title="{ECRAM as Scalable Synaptic Cell for High-Speed, Low-Power Neuromorphic Computing}",   
year={2018},  
pages={13.1.1-13.1.4},  
doi={10.1109/IEDM.2018.8614551}
}

@ARTICLE{kendall-2020,
       author = {{Kendall}, Jack and {Pantone}, Ross and {Manickavasagam}, Kalpana and {Bengio}, Yoshua and {Scellier}, Benjamin},
        title = "{Training End-to-End Analog Neural Networks with Equilibrium Propagation}",
      journal = {arXiv e-prints},
     keywords = {Computer Science - Neural and Evolutionary Computing, Computer Science - Machine Learning},
         year = 2020,
        month = jun,
          eid = {arXiv:2006.01981},
        pages = {arXiv:2006.01981},
archivePrefix = {arXiv},
       eprint = {2006.01981},
 primaryClass = {cs.NE},
       adsurl = {https://ui.adsabs.harvard.edu/abs/2020arXiv200601981K},
      adsnote = {Provided by the SAO/NASA Astrophysics Data System}
}

@INPROCEEDINGS{agrawal-2021,  
author={Agrawal, Ankur and Lee, Sae Kyu and Silberman, Joel and Ziegler, Matthew and Kang, Mingu and Venkataramani, Swagath and Cao, Nianzheng and Fleischer, Bruce and Guillorn, Michael and Cohen, Matthew and Mueller, Silvia and Oh, Jinwook and Lutz, Martin and Jung, Jinwook and Koswatta, Siyu and Zhou, Ching and Zalani, Vidhi and Bonanno, James and Casatuta, Robert and Chen, Chia-Yu and Choi, Jungwook and Haynie, Howard and Herbert, Alyssa and Jain, Radhika and Kar, Monodeep and Kim, Kyu-Hyoun and Li, Yulong and Ren, Zhibin and Rider, Scot and Schaal, Marcel and Schelm, Kerstin and Scheuermann, Michael and Sun, Xiao and Tran, Hung and Wang, Naigang and Wang, Wei and Zhang, Xin and Shah, Vinay and Curran, Brian and Srinivasan, Vijayalakshmi and Lu, Pong-Fei and Shukla, Sunil and Chang, Leland and Gopalakrishnan, Kailash},  
booktitle={2021 IEEE International Solid- State Circuits Conference (ISSCC)},
title="{9.1 A 7nm 4-Core AI Chip with 25.6TFLOPS Hybrid FP8 Training, 102.4TOPS INT4 Inference and Workload-Aware Throttling}",   
year={2021},  
volume={64},  
pages={144-146},  
doi={10.1109/ISSCC42613.2021.9365791}
}

@ARTICLE{bose-2020,
       author = {{Bose}, Sumon Kumar and {Acharya}, Jyotibdha and {Basu}, Arindam},
        title = "{Is my Neural Network Neuromorphic? Taxonomy, Recent Trends and Future Directions in Neuromorphic Engineering}",
      journal = {arXiv e-prints},
     keywords = {Computer Science - Emerging Technologies, Computer Science - Machine Learning, Computer Science - Neural and Evolutionary Computing, Statistics - Machine Learning},
         year = 2020,
        month = feb,
          eid = {arXiv:2002.11945},
        pages = {arXiv:2002.11945},
archivePrefix = {arXiv},
       eprint = {2002.11945},
 primaryClass = {cs.ET},
       adsurl = {https://ui.adsabs.harvard.edu/abs/2020arXiv200211945B},
      adsnote = {Provided by the SAO/NASA Astrophysics Data System}
}

@ARTICLE{gokmen-haensch-2019,
       author = {{Gokmen}, Tayfun and {Haensch}, Wilfried},
        title = "{Algorithm for Training Neural Networks on Resistive Device Arrays}",
      journal = {arXiv e-prints},
     keywords = {Computer Science - Machine Learning, Computer Science - Emerging Technologies, Computer Science - Neural and Evolutionary Computing, Statistics - Machine Learning},
         year = 2019,
        month = sep,
          eid = {arXiv:1909.07908},
        pages = {arXiv:1909.07908},
archivePrefix = {arXiv},
       eprint = {1909.07908},
 primaryClass = {cs.LG},
       adsurl = {https://ui.adsabs.harvard.edu/abs/2019arXiv190907908G},
      adsnote = {Provided by the SAO/NASA Astrophysics Data System}
}

@inproceedings{abadi-2016,
title	= {{TensorFlow: A system for large-scale machine learning}},
author	= {Martin Abadi and Paul Barham and Jianmin Chen and Zhifeng Chen and Andy Davis and Jeffrey Dean and Matthieu Devin and Sanjay Ghemawat and Geoffrey Irving and Michael Isard and Manjunath Kudlur and Josh Levenberg and Rajat Monga and Sherry Moore and Derek G. Murray and Benoit Steiner and Paul Tucker and Vijay Vasudevan and Pete Warden and Martin Wicke and Yuan Yu and Xiaoqiang Zheng},
year	= {2016},
URL	= {https://www.usenix.org/system/files/conference/osdi16/osdi16-abadi.pdf},
booktitle	= {12th USENIX Symposium on Operating Systems Design and Implementation (OSDI 16)},
pages	= {265--283}
}

@ARTICLE{paszke-2019,
       author = {{Paszke}, Adam and {Gross}, Sam and {Massa}, Francisco and {Lerer}, Adam and {Bradbury}, James and {Chanan}, Gregory and {Killeen}, Trevor and {Lin}, Zeming and {Gimelshein}, Natalia and {Antiga}, Luca and {Desmaison}, Alban and {K{\"o}pf}, Andreas and {Yang}, Edward and {DeVito}, Zach and {Raison}, Martin and {Tejani}, Alykhan and {Chilamkurthy}, Sasank and {Steiner}, Benoit and {Fang}, Lu and {Bai}, Junjie and {Chintala}, Soumith},
        title = "{PyTorch: An Imperative Style, High-Performance Deep Learning Library}",
      journal = {arXiv e-prints},
     keywords = {Computer Science - Machine Learning, Computer Science - Mathematical Software, Statistics - Machine Learning},
         year = 2019,
        month = dec,
          eid = {arXiv:1912.01703},
        pages = {arXiv:1912.01703},
archivePrefix = {arXiv},
       eprint = {1912.01703},
 primaryClass = {cs.LG},
       adsurl = {https://ui.adsabs.harvard.edu/abs/2019arXiv191201703P},
      adsnote = {Provided by the SAO/NASA Astrophysics Data System}
}

@INPROCEEDINGS{chirodea-2021,  
  author={Chirodea, Mihai Cristian and Novac, Ovidiu Constantin and Novac, Cornelia Mihaela and Bizon, Nicu and Oproescu, Mihai and Gordan, Cornelia Emilia},  
  booktitle={2021 13th International Conference on Electronics, Computers and Artificial Intelligence (ECAI)},   
  title={Comparison of Tensorflow and PyTorch in Convolutional Neural Network - based Applications},   
  year={2021},  
  pages={1-6},  
  doi={10.1109/ECAI52376.2021.9515098}
}

@ARTICLE{david-2020,
       author = {{David}, Robert and {Duke}, Jared and {Jain}, Advait and {Janapa Reddi}, Vijay and {Jeffries}, Nat and {Li}, Jian and {Kreeger}, Nick and {Nappier}, Ian and {Natraj}, Meghna and {Regev}, Shlomi and {Rhodes}, Rocky and {Wang}, Tiezhen and {Warden}, Pete},
        title = "{TensorFlow Lite Micro: Embedded Machine Learning on TinyML Systems}",
      journal = {arXiv e-prints},
     keywords = {Computer Science - Machine Learning, Computer Science - Artificial Intelligence},
         year = 2020,
        month = oct,
          eid = {arXiv:2010.08678},
        pages = {arXiv:2010.08678},
archivePrefix = {arXiv},
       eprint = {2010.08678},
 primaryClass = {cs.LG},
       adsurl = {https://ui.adsabs.harvard.edu/abs/2020arXiv201008678D},
      adsnote = {Provided by the SAO/NASA Astrophysics Data System}
}

@ARTICLE{chen-2015,
       author = {{Chen}, Tianqi and {Li}, Mu and {Li}, Yutian and {Lin}, Min and {Wang}, Naiyan and {Wang}, Minjie and {Xiao}, Tianjun and {Xu}, Bing and {Zhang}, Chiyuan and {Zhang}, Zheng},
        title = "{MXNet: A Flexible and Efficient Machine Learning Library for Heterogeneous Distributed Systems}",
      journal = {arXiv e-prints},
     keywords = {Computer Science - Distributed, Parallel, and Cluster Computing, Computer Science - Machine Learning, Computer Science - Mathematical Software, Computer Science - Neural and Evolutionary Computing},
         year = 2015,
        month = dec,
          eid = {arXiv:1512.01274},
        pages = {arXiv:1512.01274},
archivePrefix = {arXiv},
       eprint = {1512.01274},
 primaryClass = {cs.DC},
       adsurl = {https://ui.adsabs.harvard.edu/abs/2015arXiv151201274C},
      adsnote = {Provided by the SAO/NASA Astrophysics Data System}
}

@ARTICLE{han-2015,
       author = {{Han}, Song and {Pool}, Jeff and {Tran}, John and {Dally}, William J.},
        title = "{Learning both Weights and Connections for Efficient Neural Networks}",
      journal = {arXiv e-prints},
     keywords = {Computer Science - Neural and Evolutionary Computing, Computer Science - Computer Vision and Pattern Recognition, Computer Science - Machine Learning},
         year = 2015,
        month = jun,
          eid = {arXiv:1506.02626},
        pages = {arXiv:1506.02626},
archivePrefix = {arXiv},
       eprint = {1506.02626},
 primaryClass = {cs.NE},
       adsurl = {https://ui.adsabs.harvard.edu/abs/2015arXiv150602626H},
      adsnote = {Provided by the SAO/NASA Astrophysics Data System}
}

@inproceedings{hanson-1988,
 author = {Hanson, Stephen and Pratt, Lorien},
 booktitle = {Advances in Neural Information Processing Systems},
 editor = {D. Touretzky},
 publisher = {Morgan-Kaufmann},
 title = "{Comparing Biases for Minimal Network Construction with Back-Propagation}",
 url = {https://proceedings.neurips.cc/paper/1988/file/1c9ac0159c94d8d0cbedc973445af2da-Paper.pdf},
 volume = {1},
 year = {1988}
}

@ARTICLE{iandola-2016,
       author = {{Iandola}, Forrest N. and {Han}, Song and {Moskewicz}, Matthew W. and {Ashraf}, Khalid and {Dally}, William J. and {Keutzer}, Kurt},
        title = "{SqueezeNet: AlexNet-level accuracy with 50x fewer parameters and <0.5MB model size}",
      journal = {arXiv e-prints},
     keywords = {Computer Science - Computer Vision and Pattern Recognition, Computer Science - Artificial Intelligence},
         year = 2016,
        month = feb,
          eid = {arXiv:1602.07360},
        pages = {arXiv:1602.07360},
archivePrefix = {arXiv},
       eprint = {1602.07360},
 primaryClass = {cs.CV},
       adsurl = {https://ui.adsabs.harvard.edu/abs/2016arXiv160207360I},
      adsnote = {Provided by the SAO/NASA Astrophysics Data System}
}

@ARTICLE{mehta-2018,
       author = {{Mehta}, Sachin and {Rastegari}, Mohammad and {Shapiro}, Linda and {Hajishirzi}, Hannaneh},
        title = "{ESPNetv2: A Light-weight, Power Efficient, and General Purpose Convolutional Neural Network}",
      journal = {arXiv e-prints},
     keywords = {Computer Science - Computer Vision and Pattern Recognition},
         year = 2018,
        month = nov,
          eid = {arXiv:1811.11431},
        pages = {arXiv:1811.11431},
archivePrefix = {arXiv},
       eprint = {1811.11431},
 primaryClass = {cs.CV},
       adsurl = {https://ui.adsabs.harvard.edu/abs/2018arXiv181111431M},
      adsnote = {Provided by the SAO/NASA Astrophysics Data System}
}

@ARTICLE{redmon-2016,
       author = {{Redmon}, Joseph and {Farhadi}, Ali},
        title = "{YOLO9000: Better, Faster, Stronger}",
      journal = {arXiv e-prints},
     keywords = {Computer Science - Computer Vision and Pattern Recognition},
         year = 2016,
        month = dec,
          eid = {arXiv:1612.08242},
        pages = {arXiv:1612.08242},
archivePrefix = {arXiv},
       eprint = {1612.08242},
 primaryClass = {cs.CV},
       adsurl = {https://ui.adsabs.harvard.edu/abs/2016arXiv161208242R},
      adsnote = {Provided by the SAO/NASA Astrophysics Data System}
}

@ARTICLE{luo-2019,  
  author={Luo, Jian-Hao and Zhang, Hao and Zhou, Hong-Yu and Xie, Chen-Wei and Wu, Jianxin and Lin, Weiyao},  
  journal={IEEE Transactions on Pattern Analysis and Machine Intelligence},   title="{ThiNet: Pruning CNN Filters for a Thinner Net}",   
  year={2019},  
  volume={41},  
  number={10},  
  pages={2525-2538},  
  doi={10.1109/TPAMI.2018.2858232}
}

@ARTICLE{dehghani-2018,
       author = {{Dehghani}, Mostafa and {Gouws}, Stephan and {Vinyals}, Oriol and {Uszkoreit}, Jakob and {Kaiser}, {\L}ukasz},
        title = "{Universal Transformers}",
      journal = {arXiv e-prints},
     keywords = {Computer Science - Computation and Language, Computer Science - Machine Learning, Statistics - Machine Learning},
         year = 2018,
        month = jul,
          eid = {arXiv:1807.03819},
        pages = {arXiv:1807.03819},
archivePrefix = {arXiv},
       eprint = {1807.03819},
 primaryClass = {cs.CL},
       adsurl = {https://ui.adsabs.harvard.edu/abs/2018arXiv180703819D},
      adsnote = {Provided by the SAO/NASA Astrophysics Data System}
}

@ARTICLE{plummer-2020,
       author = {{Plummer}, Bryan A. and {Dryden}, Nikoli and {Frost}, Julius and {Hoefler}, Torsten and {Saenko}, Kate},
        title = "{Neural Parameter Allocation Search}",
      journal = {arXiv e-prints},
     keywords = {Computer Science - Machine Learning, Computer Science - Computation and Language, Computer Science - Computer Vision and Pattern Recognition, Statistics - Machine Learning},
         year = 2020,
        month = jun,
          eid = {arXiv:2006.10598},
        pages = {arXiv:2006.10598},
archivePrefix = {arXiv},
       eprint = {2006.10598},
 primaryClass = {cs.LG},
       adsurl = {https://ui.adsabs.harvard.edu/abs/2020arXiv200610598P},
      adsnote = {Provided by the SAO/NASA Astrophysics Data System}
}

@ARTICLE{teerapittayanon-2017,
       author = {{Teerapittayanon}, Surat and {McDanel}, Bradley and {Kung}, H.~T.},
        title = "{BranchyNet: Fast Inference via Early Exiting from Deep Neural Networks}",
      journal = {arXiv e-prints},
     keywords = {Computer Science - Neural and Evolutionary Computing, Computer Science - Computer Vision and Pattern Recognition, Computer Science - Machine Learning},
         year = 2017,
        month = sep,
          eid = {arXiv:1709.01686},
        pages = {arXiv:1709.01686},
archivePrefix = {arXiv},
       eprint = {1709.01686},
 primaryClass = {cs.NE},
       adsurl = {https://ui.adsabs.harvard.edu/abs/2017arXiv170901686T},
      adsnote = {Provided by the SAO/NASA Astrophysics Data System}
}

@ARTICLE{wang-2017,
       author = {{Wang}, Xin and {Yu}, Fisher and {Dou}, Zi-Yi and {Darrell}, Trevor and {Gonzalez}, Joseph E.},
        title = "{SkipNet: Learning Dynamic Routing in Convolutional Networks}",
      journal = {arXiv e-prints},
     keywords = {Computer Science - Computer Vision and Pattern Recognition},
         year = 2017,
        month = nov,
          eid = {arXiv:1711.09485},
        pages = {arXiv:1711.09485},
archivePrefix = {arXiv},
       eprint = {1711.09485},
 primaryClass = {cs.CV},
       adsurl = {https://ui.adsabs.harvard.edu/abs/2017arXiv171109485W},
      adsnote = {Provided by the SAO/NASA Astrophysics Data System}
}

@ARTICLE{sennrich-2015,
       author = {{Sennrich}, Rico and {Haddow}, Barry and {Birch}, Alexandra},
        title = "{Neural Machine Translation of Rare Words with Subword Units}",
      journal = {arXiv e-prints},
     keywords = {Computer Science - Computation and Language},
         year = 2015,
        month = aug,
          eid = {arXiv:1508.07909},
        pages = {arXiv:1508.07909},
archivePrefix = {arXiv},
       eprint = {1508.07909},
 primaryClass = {cs.CL},
       adsurl = {https://ui.adsabs.harvard.edu/abs/2015arXiv150807909S},
      adsnote = {Provided by the SAO/NASA Astrophysics Data System}
}


@InProceedings{morin-bengio-2005,
  title = 	 "{Hierarchical Probabilistic Neural Network Language Model}",
  author =       {Morin, Frederic and Bengio, Yoshua},
  booktitle = 	 {Proceedings of the Tenth International Workshop on Artificial Intelligence and Statistics},
  pages = 	 {246--252},
  year = 	 {2005},
  editor = 	 {Cowell, Robert G. and Ghahramani, Zoubin},
  volume = 	 {R5},
  series = 	 {Proceedings of Machine Learning Research},
  month = 	 {06--08 Jan},
  publisher =    {PMLR},
  pdf = 	 {http://proceedings.mlr.press/r5/morin05a/morin05a.pdf},
  url = 	 {https://proceedings.mlr.press/r5/morin05a.html},
  note =         {Reissued by PMLR on 30 March 2021.}
}

@INPROCEEDINGS{akhand-2008,  
author={Akhand, M. A. H. and Islam, Md. Monirul and Kazuyuki Murase},  
booktitle={2008 IEEE International Joint Conference on Neural Networks (IEEE World Congress on Computational Intelligence)},   
title={Training of neural network ensemble through progressive interaction},   
year={2008},  
pages={2120-2126},  
doi={10.1109/IJCNN.2008.4634089}
}

@ARTICLE{rusu-2016,
       author = {{Rusu}, Andrei A. and {Rabinowitz}, Neil C. and {Desjardins}, Guillaume and {Soyer}, Hubert and {Kirkpatrick}, James and {Kavukcuoglu}, Koray and {Pascanu}, Razvan and {Hadsell}, Raia},
        title = "{Progressive Neural Networks}",
      journal = {arXiv e-prints},
     keywords = {Computer Science - Machine Learning},
         year = 2016,
        month = jun,
          eid = {arXiv:1606.04671},
        pages = {arXiv:1606.04671},
archivePrefix = {arXiv},
       eprint = {1606.04671},
 primaryClass = {cs.LG},
       adsurl = {https://ui.adsabs.harvard.edu/abs/2016arXiv160604671R},
      adsnote = {Provided by the SAO/NASA Astrophysics Data System}
}

@ARTICLE{yang-2020,
       author = {{Yang}, Cheng and {Wang}, Shengnan and {Yang}, Chao and {Li}, Yuechuan and {He}, Ru and {Zhang}, Jingqiao},
        title = "{Progressively Stacking 2.0: A Multi-stage Layerwise Training Method for BERT Training Speedup}",
      journal = {arXiv e-prints},
     keywords = {Computer Science - Computation and Language},
         year = 2020,
        month = nov,
          eid = {arXiv:2011.13635},
        pages = {arXiv:2011.13635},
archivePrefix = {arXiv},
       eprint = {2011.13635},
 primaryClass = {cs.CL},
       adsurl = {https://ui.adsabs.harvard.edu/abs/2020arXiv201113635Y},
      adsnote = {Provided by the SAO/NASA Astrophysics Data System}
}

@ARTICLE{belilovsky-2018,
       author = {{Belilovsky}, Eugene and {Eickenberg}, Michael and {Oyallon}, Edouard},
        title = "{Greedy Layerwise Learning Can Scale to ImageNet}",
      journal = {arXiv e-prints},
     keywords = {Computer Science - Machine Learning, Statistics - Machine Learning},
         year = 2018,
        month = dec,
          eid = {arXiv:1812.11446},
        pages = {arXiv:1812.11446},
archivePrefix = {arXiv},
       eprint = {1812.11446},
 primaryClass = {cs.LG},
       adsurl = {https://ui.adsabs.harvard.edu/abs/2018arXiv181211446B},
      adsnote = {Provided by the SAO/NASA Astrophysics Data System}
}

@ARTICLE{simonyan-2014,
       author = {{Simonyan}, Karen and {Zisserman}, Andrew},
        title = "{Very Deep Convolutional Networks for Large-Scale Image Recognition}",
      journal = {arXiv e-prints},
     keywords = {Computer Science - Computer Vision and Pattern Recognition},
         year = 2014,
        month = sep,
          eid = {arXiv:1409.1556},
        pages = {arXiv:1409.1556},
archivePrefix = {arXiv},
       eprint = {1409.1556},
 primaryClass = {cs.CV},
       adsurl = {https://ui.adsabs.harvard.edu/abs/2014arXiv1409.1556S},
      adsnote = {Provided by the SAO/NASA Astrophysics Data System}
}

@inproceedings{wang-2020,
title={Pay Attention to Features, Transfer Learn Faster CNNs},
author={Kafeng Wang and Xitong Gao and Yiren Zhao and Xingjian Li and Dejing Dou and Cheng-Zhong Xu},
booktitle={International Conference on Learning Representations},
year={2020},
url={https://openreview.net/forum?id=ryxyCeHtPB}
}

@ARTICLE{peters-2018,
       author = {{Peters}, Matthew E. and {Neumann}, Mark and {Iyyer}, Mohit and {Gardner}, Matt and {Clark}, Christopher and {Lee}, Kenton and {Zettlemoyer}, Luke},
        title = "{Deep contextualized word representations}",
      journal = {arXiv e-prints},
     keywords = {Computer Science - Computation and Language},
         year = 2018,
        month = feb,
          eid = {arXiv:1802.05365},
        pages = {arXiv:1802.05365},
archivePrefix = {arXiv},
       eprint = {1802.05365},
 primaryClass = {cs.CL},
       adsurl = {https://ui.adsabs.harvard.edu/abs/2018arXiv180205365P},
      adsnote = {Provided by the SAO/NASA Astrophysics Data System}
}

@ARTICLE{cer-2018,
       author = {{Cer}, Daniel and {Yang}, Yinfei and {Kong}, Sheng-yi and {Hua}, Nan and {Limtiaco}, Nicole and {St. John}, Rhomni and {Constant}, Noah and {Guajardo-Cespedes}, Mario and {Yuan}, Steve and {Tar}, Chris and {Sung}, Yun-Hsuan and {Strope}, Brian and {Kurzweil}, Ray},
        title = "{Universal Sentence Encoder}",
      journal = {arXiv e-prints},
     keywords = {Computer Science - Computation and Language},
         year = 2018,
        month = mar,
          eid = {arXiv:1803.11175},
        pages = {arXiv:1803.11175},
archivePrefix = {arXiv},
       eprint = {1803.11175},
 primaryClass = {cs.CL},
       adsurl = {https://ui.adsabs.harvard.edu/abs/2018arXiv180311175C},
      adsnote = {Provided by the SAO/NASA Astrophysics Data System}
}

@article{ruder-2018,
author = {Ruder, Sebastian},
title = "{NLP's ImageNet moment has arrived}",
journal = {The Gradient},
year = {2018},
howpublished = {\url{https://thegradient.pub/nlp-imagenet/ } },
}

@ARTICLE{conneau-2017,
       author = {{Conneau}, Alexis and {Kiela}, Douwe and {Schwenk}, Holger and {Barrault}, Loic and {Bordes}, Antoine},
        title = "{Supervised Learning of Universal Sentence Representations from Natural Language Inference Data}",
      journal = {arXiv e-prints},
     keywords = {Computer Science - Computation and Language},
         year = 2017,
        month = may,
          eid = {arXiv:1705.02364},
        pages = {arXiv:1705.02364},
archivePrefix = {arXiv},
       eprint = {1705.02364},
 primaryClass = {cs.CL},
       adsurl = {https://ui.adsabs.harvard.edu/abs/2017arXiv170502364C},
      adsnote = {Provided by the SAO/NASA Astrophysics Data System}
}

@ARTICLE{zoph-2018,
       author = {{Zoph}, Barret and {Vasudevan}, Vijay and {Shlens}, Jonathon and {Le}, Quoc V.},
        title = "{Learning Transferable Architectures for Scalable Image Recognition}",
      journal = {arXiv e-prints},
     keywords = {Computer Science - Computer Vision and Pattern Recognition, Computer Science - Machine Learning, Statistics - Machine Learning},
         year = 2017,
        month = jul,
          eid = {arXiv:1707.07012},
        pages = {arXiv:1707.07012},
archivePrefix = {arXiv},
       eprint = {1707.07012},
 primaryClass = {cs.CV},
       adsurl = {https://ui.adsabs.harvard.edu/abs/2017arXiv170707012Z},
      adsnote = {Provided by the SAO/NASA Astrophysics Data System}
}

@ARTICLE{liu-2019,
       author = {{Liu}, Hanxiao and {Simonyan}, Karen and {Yang}, Yiming},
        title = "{DARTS: Differentiable Architecture Search}",
      journal = {arXiv e-prints},
     keywords = {Computer Science - Machine Learning, Computer Science - Computation and Language, Computer Science - Computer Vision and Pattern Recognition, Statistics - Machine Learning},
         year = 2018,
        month = jun,
          eid = {arXiv:1806.09055},
        pages = {arXiv:1806.09055},
archivePrefix = {arXiv},
       eprint = {1806.09055},
 primaryClass = {cs.LG},
       adsurl = {https://ui.adsabs.harvard.edu/abs/2018arXiv180609055L},
      adsnote = {Provided by the SAO/NASA Astrophysics Data System}
}

@inproceedings{real-2019,
  title={Aging Evolution for Image Classifier Architecture Search},
  author={Esteban Real and Alok Aggarwal and Yanping Huang and Quoc V. Le},
  booktitle={AAAI 2019},
  year={2019}
}

@ARTICLE{sze-2017,
       author = {{Sze}, Vivienne and {Chen}, Yu-Hsin and {Yang}, Tien-Ju and {Emer}, Joel},
        title = "{Efficient Processing of Deep Neural Networks: A Tutorial and Survey}",
      journal = {arXiv e-prints},
     keywords = {Computer Science - Computer Vision and Pattern Recognition},
         year = 2017,
        month = mar,
          eid = {arXiv:1703.09039},
        pages = {arXiv:1703.09039},
archivePrefix = {arXiv},
       eprint = {1703.09039},
 primaryClass = {cs.CV},
       adsurl = {https://ui.adsabs.harvard.edu/abs/2017arXiv170309039S},
      adsnote = {Provided by the SAO/NASA Astrophysics Data System}
}

@ARTICLE{shou-2016,
       author = {{Zhou}, Shuchang and {Wu}, Yuxin and {Ni}, Zekun and {Zhou}, Xinyu and {Wen}, He and {Zou}, Yuheng},
        title = "{DoReFa-Net: Training Low Bitwidth Convolutional Neural Networks with Low Bitwidth Gradients}",
      journal = {arXiv e-prints},
     keywords = {Computer Science - Neural and Evolutionary Computing, Computer Science - Machine Learning},
         year = 2016,
        month = jun,
          eid = {arXiv:1606.06160},
        pages = {arXiv:1606.06160},
archivePrefix = {arXiv},
       eprint = {1606.06160},
 primaryClass = {cs.NE},
       adsurl = {https://ui.adsabs.harvard.edu/abs/2016arXiv160606160Z},
      adsnote = {Provided by the SAO/NASA Astrophysics Data System}
}

@ARTICLE{gong-2014,
       author = {{Gong}, Yunchao and {Liu}, Liu and {Yang}, Ming and {Bourdev}, Lubomir},
        title = "{Compressing Deep Convolutional Networks using Vector Quantization}",
      journal = {arXiv e-prints},
     keywords = {Computer Science - Computer Vision and Pattern Recognition, Computer Science - Machine Learning, Computer Science - Neural and Evolutionary Computing},
         year = 2014,
        month = dec,
          eid = {arXiv:1412.6115},
        pages = {arXiv:1412.6115},
archivePrefix = {arXiv},
       eprint = {1412.6115},
 primaryClass = {cs.CV},
       adsurl = {https://ui.adsabs.harvard.edu/abs/2014arXiv1412.6115G},
      adsnote = {Provided by the SAO/NASA Astrophysics Data System}
}

@ARTICLE{courbariaux-2015,
       author = {{Courbariaux}, Matthieu and {Bengio}, Yoshua and {David}, Jean-Pierre},
        title = "{BinaryConnect: Training Deep Neural Networks with binary weights during propagations}",
      journal = {arXiv e-prints},
     keywords = {Computer Science - Machine Learning, Computer Science - Computer Vision and Pattern Recognition, Computer Science - Neural and Evolutionary Computing},
         year = 2015,
        month = nov,
          eid = {arXiv:1511.00363},
        pages = {arXiv:1511.00363},
archivePrefix = {arXiv},
       eprint = {1511.00363},
 primaryClass = {cs.LG},
       adsurl = {https://ui.adsabs.harvard.edu/abs/2015arXiv151100363C},
      adsnote = {Provided by the SAO/NASA Astrophysics Data System}
}

@INPROCEEDINGS{judd-2016,  
author={Judd, Patrick and Albericio, Jorge and Hetherington, Tayler and Aamodt, Tor M. and Moshovos, Andreas},  
booktitle={2016 49th Annual IEEE/ACM International Symposium on Microarchitecture (MICRO)},   
title={Stripes: Bit-serial deep neural network computing},   
year={2016}, 
pages={1-12},  
doi={10.1109/MICRO.2016.7783722}
}

@ARTICLE{fan-2020b,
       author = {Fan, Angela and Stock, Pierre and Graham, Benjamin and Grave, Edouard and Gribonval, Remi and Jegou, Herve and Joulin, Armand},
        title = "{Training with Quantization Noise for Extreme Model Compression}",
      journal = {arXiv e-prints},
     keywords = {Computer Science - Machine Learning, Statistics - Machine Learning},
         year = 2020,
        month = apr,
          eid = {arXiv:2004.07320},
        pages = {arXiv:2004.07320},
archivePrefix = {arXiv},
       eprint = {2004.07320},
 primaryClass = {cs.LG},
       adsurl = {https://ui.adsabs.harvard.edu/abs/2020arXiv200407320F},
      adsnote = {Provided by the SAO/NASA Astrophysics Data System}
}

@ARTICLE{lan-2020,
       author = {{Lan}, Zhenzhong and {Chen}, Mingda and {Goodman}, Sebastian and {Gimpel}, Kevin and {Sharma}, Piyush and {Soricut}, Radu},
        title = "{ALBERT: A Lite BERT for Self-supervised Learning of Language Representations}",
      journal = {arXiv e-prints},
     keywords = {Computer Science - Computation and Language, Computer Science - Artificial Intelligence},
         year = 2019,
        month = sep,
          eid = {arXiv:1909.11942},
        pages = {arXiv:1909.11942},
archivePrefix = {arXiv},
       eprint = {1909.11942},
 primaryClass = {cs.CL},
       adsurl = {https://ui.adsabs.harvard.edu/abs/2019arXiv190911942L},
      adsnote = {Provided by the SAO/NASA Astrophysics Data System}
}

@INPROCEEDINGS{joshi-2009,  
author={Joshi, Ajay J. and Porikli, Fatih and Papanikolopoulos, Nikolaos},  
booktitle={2009 IEEE Conference on Computer Vision and Pattern Recognition},   
title={Multi-class active learning for image classification},   
year={2009},  
pages={2372-2379},  
doi={10.1109/CVPR.2009.5206627}
}

@ARTICLE{jing-2019,
       author = {{Jing}, Longlong and {Tian}, Yingli},
        title = "{Self-supervised Visual Feature Learning with Deep Neural Networks: A Survey}",
      journal = {arXiv e-prints},
     keywords = {Computer Science - Computer Vision and Pattern Recognition},
         year = 2019,
        month = feb,
          eid = {arXiv:1902.06162},
        pages = {arXiv:1902.06162},
archivePrefix = {arXiv},
       eprint = {1902.06162},
 primaryClass = {cs.CV},
       adsurl = {https://ui.adsabs.harvard.edu/abs/2019arXiv190206162J},
      adsnote = {Provided by the SAO/NASA Astrophysics Data System}
}

@ARTICLE{chen-2020,
       author = {{Chen}, Ting and {Kornblith}, Simon and {Norouzi}, Mohammad and {Hinton}, Geoffrey},
        title = "{A Simple Framework for Contrastive Learning of Visual Representations}",
      journal = {arXiv e-prints},
     keywords = {Computer Science - Machine Learning, Computer Science - Computer Vision and Pattern Recognition, Statistics - Machine Learning},
         year = 2020,
        month = feb,
          eid = {arXiv:2002.05709},
        pages = {arXiv:2002.05709},
archivePrefix = {arXiv},
       eprint = {2002.05709},
 primaryClass = {cs.LG},
       adsurl = {https://ui.adsabs.harvard.edu/abs/2020arXiv200205709C},
      adsnote = {Provided by the SAO/NASA Astrophysics Data System}
}

@ARTICLE{liu-2021b,
       author = {{Liu}, Pengfei and {Yuan}, Weizhe and {Fu}, Jinlan and {Jiang}, Zhengbao and {Hayashi}, Hiroaki and {Neubig}, Graham},
        title = "{Pre-train, Prompt, and Predict: A Systematic Survey of Prompting Methods in Natural Language Processing}",
      journal = {arXiv e-prints},
     keywords = {Computer Science - Computation and Language, Computer Science - Artificial Intelligence, Computer Science - Machine Learning},
         year = 2021,
        month = jul,
          eid = {arXiv:2107.13586},
        pages = {arXiv:2107.13586},
archivePrefix = {arXiv},
       eprint = {2107.13586},
 primaryClass = {cs.CL},
       adsurl = {https://ui.adsabs.harvard.edu/abs/2021arXiv210713586L},
      adsnote = {Provided by the SAO/NASA Astrophysics Data System}
}

@techreport{oecd-2021,
  author = {{OECD}},
  title = "{Artificial Intelligence, Machine Learning and Big Data in Finance: Opportunities, Challenges,
and Implications for Policy Makers}",
  institution = {The Organisation for Economic Co-operation and Development},
  year = 2021,
  month = {August},
  url={https://www.oecd.org/finance/artificial-intelligence-machine-learning-big-data-in-finance.htm}
}

@article{cao-2019,
  title={A Neural Network Approach to Understanding Implied Volatility Movements},
  author={Jay Cao and Jacky Chen and John Hull},
  journal={ERN: Volatility (Topic)},
  year={2019}
}

@article{green-choi-1997,
author = {Green, Brian and Choi, J.},
year = {1997},
month = {01},
title = {Assessing the Risk of Management Fraud Through Neural Network Technology},
volume = {16},
journal = {Auditing}
}

@article{kumar-2022,
author={Kumar, Satish
and Sharma, Dipasha
and Rao, Sandeep
and Lim, Weng Marc
and Mangla, Sachin Kumar},
title={Past, present, and future of sustainable finance: insights from big data analytics through machine learning of scholarly research},
journal={Annals of Operations Research},
year={2022},
month={Jan},
day={04},
issn={1572-9338},
doi={10.1007/s10479-021-04410-8},
url={https://doi.org/10.1007/s10479-021-04410-8}
}

@misc{laplante-2019,
  author        = "LaPlante, Alex and Rubtsov, Alexey",
  title         = "{Artificial Neural Networks in Financial Modelling}",
  howpublished   = "Global Risk Institute",
  year          = "2019",
  month        = "March",
  url           = "https://globalriskinstitute.org/publications/artificial-neural-networks-in-financial-modelling/"
}

@inproceedings{esg-global-survey,
  author        = "Trevor Allen and Emmanuelle Aubertel and Alexandra Basirov and Matthew Craig and Vera Delvoye and Liam Hammond and Jean-Philippe Hecquet and Kate Spencer and Angele Spiteri Paris",
  title         = "{The Path to ESG: No Turning Back For Asset Owners and Managers}",
  booktitle   = "The ESG Global Survey",
  year          = "2021",
  month        = "September",
  organization = "BNP Paribas"
}

@misc{blackrock-report,
  author        = "Paul Bodnar and Jean Boivin and Alex Brazier and Natalie Gill and Vivek Paul and Chris Weber",
  title         = "Managing the net-zero transition",
  howpublished   = "BlackRock Investment Institute",
  year          = "2022",
  month        = "February",
  url           = "https://www.blackrock.com/corporate/insights/blackrock-investment-institute/publications/net-zero-transition"
}

 @misc{reuters-article, 
 title={PWC planning to hire 100,000 over five years in major ESG push}, 
 url={https://www.reuters.com/business/sustainable-business/pwc-planning-hire-100000-over-five-years-major-esg-push-2021-06-15/}, 
 journal={Reuters}, 
 publisher={Thomson Reuters}, 
 author={DiNapoli, Jessica and Lewis, Matthew}, 
 year={2021}, 
 month={Jun}
 } 

@article{cunha-2021,
author = {Cunha, Felipe Arias Fogliano de Souza and Meira, Erick and Orsato, Renato J.},
title = {Sustainable finance and investment: Review and research agenda},
journal = {Business Strategy and the Environment},
volume = {30},
number = {8},
pages = {3821-3838},
keywords = {environmental, social, and governance (ESG), framework, research agenda, sustainable finance, sustainable investment, systematic literature review},
doi = {https://doi.org/10.1002/bse.2842},
url = {https://onlinelibrary.wiley.com/doi/abs/10.1002/bse.2842},
eprint = {https://onlinelibrary.wiley.com/doi/pdf/10.1002/bse.2842},
year = {2021}
}

@article{fatemi-fooladi-2013,
title = {Sustainable finance: A new paradigm},
journal = {Global Finance Journal},
volume = {24},
number = {2},
pages = {101-113},
year = {2013},
issn = {1044-0283},
doi = {https://doi.org/10.1016/j.gfj.2013.07.006},
url = {https://www.sciencedirect.com/science/article/pii/S1044028313000252},
author = {Ali M. Fatemi and Iraj J. Fooladi},
keywords = {Sustainable finance, Value creation, Corporate social responsibility}
}

@ARTICLE{mehra-2022,
       author = {{Mehra}, Srishti and {Louka}, Robert and {Zhang}, Yixun},
        title = "{ESGBERT: Language Model to Help with Classification Tasks Related to Companies Environmental, Social, and Governance Practices}",
      journal = {arXiv e-prints},
     keywords = {Computer Science - Computation and Language, Computer Science - Machine Learning},
         year = 2022,
        month = mar,
          eid = {arXiv:2203.16788},
        pages = {arXiv:2203.16788},
archivePrefix = {arXiv},
       eprint = {2203.16788},
 primaryClass = {cs.CL},
       adsurl = {https://ui.adsabs.harvard.edu/abs/2022arXiv220316788M},
      adsnote = {Provided by the SAO/NASA Astrophysics Data System}
}

@inproceedings{mcdonald-2010,
author = {McDonald, Ryan and Hall, Keith and Mann, Gideon},
title = {Distributed Training Strategies for the Structured Perceptron},
year = {2010},
isbn = {1932432655},
publisher = {Association for Computational Linguistics},
address = {USA},
booktitle = {Human Language Technologies: The 2010 Annual Conference of the North American Chapter of the Association for Computational Linguistics},
pages = {456-464},
numpages = {9},
location = {Los Angeles, California},
series = {HLT '10}
}

@inproceedings{freytag-2014,
author = {Freytag, Alexander and Rodner, Erik and Denzler, Joachim},
year = {2014},
month = {09},
pages = {562-577},
title = {Selecting Influential Examples: Active Learning with Expected Model Output Changes},
booktitle = {European Conference on Computer Vision},
isbn = {978-3-319-10592-5},
doi = {10.1007/978-3-319-10593-2_37}
}